@article {Huba2017,
  author={Huba, Joseph D. and Drob, Douglas},
  title={{SAMI3 prediction of the impact of the 21 August 2017 total solar eclipse on the ionosphere/plasmasphere system}},
  journal={Geophysical Research Letters},
  volume=44,
  pages={5928-5935},
  year=2017
}